@inproceedings{meijer2004static,
  title={Static typing where possible, dynamic typing when needed: The end of the cold war between programming languages},
  author={Meijer, Erik and Drayton, Peter},
	year =		"2004",
  booktitle={Static typing where possible, dynamic typing when needed: The end of the cold war between programming languages}
}

@misc{lymanmuch,
  title={How much information? 2003. Research Project Report, UC Berkeley School of Information Management and Systems (October 2003)},
  author={Lyman, Peter and Varian, Hal R and Charles, Peter and Good, Nathan and Jordan, Laheem Lamar and Pal, Joyojeet}
}

@book{beck2003test,
  title={Test-driven development: by example},
  author={Beck, Kent},
  year={2003},
  publisher={Addison-Wesley Professional}
}

@inproceedings{meyer2007contract,
  title={Contract-driven development},
  author={Meyer, Bertrand},
  booktitle={International Conference on Fundamental Approaches to Software Engineering},
  pages={11--11},
  year={2007},
  organization={Springer}
}
